@article{johnsoncaviar,
  title={Caviar and Yachts: How Your Purchase Data May Come Back to Haunt You},
  author={Johnson, Benjamin and Laskowski, Paul and Maillart, Thomas and Chuang, John and Christin, Nicolas}
}

@article{laskowskigovernment,
  title={Government Surveillance and Incentives to Abuse Power},
  author={Laskowski, Paul and Johnson, Benjamin and Maillart, Thomas and Chuang, John}
}